<record><leader>01487cam a2200289 a 4500</leader><controlfield tag="001">1375295</controlfield><controlfield tag="008">910516s1985    mau               0 eng c</controlfield><datafield ind1=" " ind2=" " tag="035"><subfield code="a">ocn465340437</subfield></datafield><datafield ind1=" " ind2=" " tag="040"><subfield code="b">eng</subfield></datafield><datafield ind1=" " ind2=" " tag="049"><subfield code="a">AEU</subfield><subfield code="b">eng</subfield></datafield><datafield ind1=" " ind2="3" tag="055"><subfield code="a">NE 539 B368</subfield><subfield code="b">A6 C8433 P368 1985</subfield></datafield><datafield ind1="0" ind2=" " tag="090"><subfield code="a">NE 539 B368 A6 C8433 P752 1985</subfield></datafield><datafield ind1="0" ind2="0" tag="245"><subfield code="a">Points along The Cote d'Azur triangle, a play by Harry Kondoleon with etchings by Mark Beard /</subfield><subfield code="c">interviews by Betsy Sussler and David Rattray.</subfield></datafield><datafield ind1=" " ind2=" " tag="260"><subfield code="a">Boston :</subfield><subfield code="b">Harcus Gallery ;</subfield><subfield code="a">New York :</subfield><subfield code="b">Vincent Fitz Gerald,</subfield><subfield code="c">c1985.</subfield></datafield><datafield ind1=" " ind2=" " tag="300"><subfield code="a">36 p. :</subfield><subfield code="b">ill. (col.) ;</subfield><subfield code="c">24 cm.</subfield></datafield><datafield ind1=" " ind2=" " tag="336"><subfield code="a">text</subfield><subfield code="b">txt</subfield><subfield code="2">rdacontent</subfield></datafield><datafield ind1=" " ind2=" " tag="337"><subfield code="a">unmediated</subfield><subfield code="b">n</subfield><subfield code="2">rdamedia</subfield></datafield><datafield ind1=" " ind2=" " tag="338"><subfield code="a">volume</subfield><subfield code="b">nc</subfield><subfield code="2">rdacarrier</subfield></datafield><datafield ind1=" " ind2=" " tag="500"><subfield code="a">Catalogue to accompany three events in Boston, 1985, which celebrated The Cote d'Azur triangle, a livre d'artiste/illustrated play by H. Kondoleon and M. Beard: an exhibition of the livre d'artiste at Harcus Gallery; a staged reading of the play at the Boston Athenaeum; and a panel discussion at The Museum of Fine Arts.</subfield></datafield><datafield ind1=" " ind2=" " tag="596"><subfield code="a">43 50</subfield></datafield><datafield ind1="1" ind2="0" tag="600"><subfield code="a">Kondoleon, Harry.</subfield><subfield code="t">Cote d'Azur triangle.</subfield></datafield><datafield ind1="1" ind2=" " tag="700"><subfield code="a">Kondoleon, Harry.</subfield></datafield><datafield ind1="1" ind2=" " tag="700"><subfield code="a">Beard, Mark.</subfield></datafield><datafield ind1="1" ind2=" " tag="700"><subfield code="a">Sussler, Betsy.</subfield></datafield><datafield ind1="1" ind2=" " tag="700"><subfield code="a">Rattray, David.</subfield></datafield><datafield ind1=" " ind2=" " tag="926"><subfield code="a">NE 539 B368 A6 C8433 P752 1985</subfield><subfield code="w">LC</subfield><subfield code="c">2</subfield><subfield code="i">000037595667</subfield><subfield code="d">7/29/2010</subfield><subfield code="e">7/23/2010</subfield><subfield code="l">ON_SHELF</subfield><subfield code="m">UAHSS</subfield><subfield code="n">6</subfield><subfield code="p">$150.00</subfield><subfield code="r">Y</subfield><subfield code="s">Y</subfield><subfield code="t">BOOK</subfield><subfield code="u">9/16/1991</subfield></datafield><datafield ind1=" " ind2=" " tag="926"><subfield code="a">NE 539 B368 A6 C8433 P752 1985</subfield><subfield code="w">LC</subfield><subfield code="c">1</subfield><subfield code="i">000036522365</subfield><subfield code="l">SPECIALCOL</subfield><subfield code="m">UASPCOLL</subfield><subfield code="p">$150.00</subfield><subfield code="r">Y</subfield><subfield code="s">Y</subfield><subfield code="t">NO_LOAN</subfield><subfield code="u">9/16/1991</subfield></datafield></record>